@article{atzori2010internet,
  title={The internet of things: A survey},
  author={Atzori, Luigi and Iera, Antonio and Morabito, Giacomo},
  journal={Computer networks},
  volume={54},
  number={15},
  pages={2787--2805},
  year={2010},
  publisher={Elsevier}
}

@article{gubbi2013internet,
  title={Internet of Things (IoT): A vision, architectural elements, and future directions},
  author={Gubbi, Jayavardhana and Buyya, Rajkumar and Marusic, Slaven and Palaniswami, Marimuthu},
  journal={Future generation computer systems},
  volume={29},
  number={7},
  pages={1645--1660},
  year={2013},
  publisher={Elsevier}
}

@article{gupta2016ifogsim,
  title={ifogsim: A toolkit for modeling and simulation of resource management techniques in internet of things, edge and fog computing environments},
  author={Gupta, Harshit and Dastjerdi, Amir Vahid and Ghosh, Soumya K and Buyya, Rajkumar},
  journal={arXiv preprint arXiv:1606.02007},
  year={2016}
}

@incollection{bonomi2014fog,
  title={Fog computing: A platform for internet of things and analytics},
  author={Bonomi, Flavio and Milito, Rodolfo and Natarajan, Preethi and Zhu, Jiang},
  booktitle={Big Data and Internet of Things: A Roadmap for Smart Environments},
  pages={169--186},
  year={2014},
  publisher={Springer}
}


@article{dastjerdi2016fog,
  title={Fog computing: Helping the Internet of Things realize its potential},
  author={Dastjerdi, Amir Vahid and Buyya, Rajkumar},
  journal={Computer},
  volume={49},
  number={8},
  pages={112--116},
  year={2016},
  publisher={IEEE}
}

@inproceedings{verma2016efficient,
  title={An efficient data replication and load balancing technique for fog computing environment},
  author={Verma, Sagar and Yadav, Aran Kumar and Motwani, Deepak and Raw, RS and Singh, Harsh Kumar},
  booktitle={Computing for Sustainable Global Development (INDIACom), 2016 3rd International Conference on},
  pages={2888--2895},
  year={2016},
  organization={IEEE}
}

@article{computing2006architectural,
  title={An architectural blueprint for autonomic computing},
  author={Computing, Autonomic and others},
  journal={IBM White Paper},
  volume={31},
  year={2006}
}

@inproceedings{banouar2015monitoring,
  title={Monitoring solution for autonomic Middleware-level QoS management within IoT systems},
  author={Banouar, Yassine and Reddad, Saad and Diop, Cod{\'e} and Chassot, Christophe and Zyane, Abdellah},
  booktitle={Computer Systems and Applications (AICCSA), 2015 IEEE/ACS 12th International Conference of},
  pages={1--8},
  year={2015},
  organization={IEEE}
}

@article{loghin2015performance,
  title={A performance study of big data on small nodes},
  author={Loghin, Dumitrel and Tudor, Bogdan Marius and Zhang, Hao and Ooi, Beng Chin and Teo, Yong Meng},
  journal={Proceedings of the VLDB Endowment},
  volume={8},
  number={7},
  pages={762--773},
  year={2015},
  publisher={VLDB Endowment}
}

@phdthesis{diop2015autonomic,
  title={An autonomic service bus for service-based distributed systems},
  author={Diop, Code},
  year={2015},
  school={Toulouse, INSA}
}

@article{nassiffe2016optimising,
  title={Optimising QoS in adaptive real-time systems with energy constraint varying CPU frequency},
  author={Nassiffe, R{\'\i}ad and Camponogara, Eduardo and Lima, George and Moss{\'e}, Daniel},
  journal={International Journal of Embedded Systems},
  volume={8},
  number={5-6},
  pages={368--379},
  year={2016},
  publisher={Inderscience Publishers (IEL)}
}

@article{raibert2008bigdog,
  title={Bigdog, the rough-terrain quadruped robot},
  author={Raibert, Marc and Blankespoor, Kevin and Nelson, Gabriel and Playter, Rob},
  journal={IFAC Proceedings Volumes},
  volume={41},
  number={2},
  pages={10822--10825},
  year={2008},
  publisher={Elsevier}
}

@inproceedings{saha2012experimental,
  title={An experimental evaluation of real-time DVFS scheduling algorithms},
  author={Saha, Sonal and Ravindran, Binoy},
  booktitle={Proceedings of the 5th Annual International Systems and Storage Conference},
  pages={7},
  year={2012},
  organization={ACM}
}

@article{snowdon2005power,
  title={Power management and dynamic voltage scaling: Myths and facts},
  author={Snowdon, David C and Ruocco, Sergio and Heiser, Gernot},
  year={2005}
}

@inproceedings{zhu2004effects,
  title={The effects of energy management on reliability in real-time embedded systems},
  author={Zhu, Dakai and Melhem, Rami and Moss{\'e}, Daniel},
  booktitle={Computer Aided Design, 2004. ICCAD-2004. IEEE/ACM International Conference on},
  pages={35--40},
  year={2004},
  organization={IEEE}
}

@inproceedings{aydin2006system,
  title={System-level energy management for periodic real-time tasks},
  author={Aydin, Hakan and Devadas, Vinay and Zhu, Dakai},
  booktitle={Real-Time Systems Symposium, 2006. RTSS'06. 27th IEEE International},
  pages={313--322},
  year={2006},
  organization={IEEE}
}

@book{boyd2004convex,
  title={Convex optimization},
  author={Boyd, Stephen and Vandenberghe, Lieven},
  year={2004},
  publisher={Cambridge university press}
}

@article{bini2005measuring,
  title={Measuring the performance of schedulability tests},
  author={Bini, Enrico and Buttazzo, Giorgio C},
  journal={Real-Time Systems},
  volume={30},
  number={1},
  pages={129--154},
  year={2005},
  publisher={Springer}
}

@misc{computing2016internet,
  title={the Internet of Things: Extend the Cloud to Where the Things Are},
  author={Computing, Fog},
  year={2016},
  publisher={Cisco Syst., San Jose, CA, USA}
}

@article{kaur2017container,
  title={Container-as-a-Service at the Edge: Trade-off between Energy Efficiency and Service Availability at Fog Nano Data Centers},
  author={Kaur, Kuljeet and Dhand, Tanya and Kumar, Neeraj and Zeadally, Sherali},
  journal={IEEE Wireless Communications},
  volume={24},
  number={3},
  pages={48--56},
  year={2017},
  publisher={IEEE}
}

@article{evans2011internet,
  title={The internet of things: How the next evolution of the internet is changing everything},
  author={Evans, Dave},
  journal={CISCO white paper},
  volume={1},
  number={2011},
  pages={1--11},
  year={2011}
}

@inproceedings{pahl2015containers,
  title={Containers and clusters for edge cloud architectures--a technology review},
  author={Pahl, Claus and Lee, Brian},
  booktitle={Future Internet of Things and Cloud (FiCloud), 2015 3rd International Conference on},
  pages={379--386},
  year={2015},
  organization={IEEE}
}

@article{pahl2015containerization,
  title={Containerization and the paas cloud},
  author={Pahl, Claus},
  journal={IEEE Cloud Computing},
  volume={2},
  number={3},
  pages={24--31},
  year={2015},
  publisher={IEEE}
}

@article{zahaf2017energy,
  title={Energy-efficient scheduling for moldable real-time tasks on heterogeneous computing platforms},
  author={Zahaf, Houssam-Eddine and Benyamina, Abou El Hassen and Olejnik, Richard and Lipari, Giuseppe},
  journal={Journal of Systems Architecture},
  volume={74},
  pages={46--60},
  year={2017},
  publisher={Elsevier}
}

@book{wolf2012computers,
  title={Computers as components: principles of embedded computing system design},
  author={Wolf, Marilyn},
  year={2012},
  publisher={Elsevier}
}

@misc{drozdowski2004scheduling,
  title={Scheduling Parallel Tasks--Algorithms and Complexity, chapter 25. Handbook of SCHEDULING Algorithms, Models and Performance Analysis},
  author={Drozdowski, M},
  year={2004},
  publisher={Chapman \& Hall/CRC}
}

@misc{dutot2004scheduling,
  title={Scheduling parallel tasks: Approximation algorithms},
  author={Dutot, Pierre-Fran{\c{c}}ois and Mouni{\'e}, Gr{\'e}gory and Trystram, Denis},
  year={2004},
  publisher={CRC Press}
}

@inproceedings{davis2009priority,
  title={Priority assignment for global fixed priority pre-emptive scheduling in multiprocessor real-time systems},
  author={Davis, Robert I and Burns, Alan},
  booktitle={Real-Time Systems Symposium, 2009, RTSS 2009. 30th IEEE},
  pages={398--409},
  year={2009},
  organization={IEEE}
}

@inproceedings{stigge2011digraph,
  title={The digraph real-time task model},
  author={Stigge, Martin and Ekberg, Pontus and Guan, Nan and Yi, Wang},
  booktitle={Real-Time and Embedded Technology and Applications Symposium (RTAS), 2011 17th IEEE},
  pages={71--80},
  year={2011},
  organization={IEEE}
}

@article{suto2015energy,
  title={An energy-efficient and delay-aware wireless computing system for industrial wireless sensor networks},
  author={Suto, Katsuya and Nishiyama, Hiroki and Kato, Nei and Huang, Chih-Wei},
  journal={IEEE Access},
  volume={3},
  pages={1026--1035},
  year={2015},
  publisher={IEEE}
}

@article{salvadori2009monitoring,
  title={Monitoring in industrial systems using wireless sensor network with dynamic power management},
  author={Salvadori, Fabiano and de Campos, Mauricio and Sausen, Paulo S{\'e}rgio and de Camargo, Robinson Figueiredo and Gehrke, Camila and Rech, Cassiano and Spohn, Marco Aur{\'e}lio and Oliveira, Alexandre Cunha},
  journal={IEEE Transactions on Instrumentation and Measurement},
  volume={58},
  number={9},
  pages={3104--3111},
  year={2009},
  publisher={IEEE}
}

@article{ovsthus2014industrial,
  title={An industrial perspective on wireless sensor networksâ€”a survey of requirements, protocols, and challenges},
  author={Ovsthus, Knut and Kristensen, Lars M and others},
  journal={IEEE Communications Surveys \& Tutorials},
  volume={16},
  number={3},
  pages={1391--1412},
  year={2014},
  publisher={IEEE}
}

@article{shin2013feasibility,
  title={On the feasibility of completely wirelesss datacenters},
  author={Shin, Ji-Yong and Sirer, Emin G{\"u}n and Weatherspoon, Hakim and Kirovski, Darko},
  journal={IEEE/ACM Transactions on Networking},
  volume={21},
  number={5},
  pages={1666--1679},
  year={2013},
  publisher={IEEE}
}

@inproceedings{suto2015failure,
  title={A failure-tolerant and spectrum-efficient wireless data center network design for improving performance of Big Data mining},
  author={Suto, Katsuya and Nishiyama, Hiroki and Kato, Nei and Nakachi, Takayuki and Sakano, Toshikazu and Takahara, Atsushi},
  booktitle={Vehicular Technology Conference (VTC Spring), 2015 IEEE 81st},
  pages={1--5},
  year={2015},
  organization={IEEE}
}

@article{piraghaj2017containercloudsim,
  title={ContainerCloudSim: An environment for modeling and simulation of containers in cloud data centers},
  author={Piraghaj, Sareh Fotuhi and Dastjerdi, Amir Vahid and Calheiros, Rodrigo N and Buyya, Rajkumar},
  journal={Software: Practice and Experience},
  volume={47},
  number={4},
  pages={505--521},
  year={2017},
  publisher={Wiley Online Library}
}

@article{chun2003planetlab,
  title={Planetlab: an overlay testbed for broad-coverage services},
  author={Chun, Brent and Culler, David and Roscoe, Timothy and Bavier, Andy and Peterson, Larry and Wawrzoniak, Mike and Bowman, Mic},
  journal={ACM SIGCOMM Computer Communication Review},
  volume={33},
  number={3},
  pages={3--12},
  year={2003},
  publisher={ACM}
}

@inproceedings{shin2000power,
  title={Power optimization of real-time embedded systems on variable speed processors},
  author={Shin, Youngsoo and Choi, Kiyoung and Sakurai, Takayasu},
  booktitle={Proceedings of the 2000 IEEE/ACM international conference on Computer-aided design},
  pages={365--368},
  year={2000},
  organization={IEEE Press}
}

@article{adegbija2016microprocessor,
  title={Microprocessor optimizations for the internet of things},
  author={Adegbija, Tosiron and Rogacs, Anita and Patel, Chandrakant and Gordon-Ross, Ann},
  journal={arXiv preprint arXiv:1603.02393},
  year={2016}
}

@article{rivera2014gartner,
  title={Gartner Says the Internet of Things Installed Base Will Grow to 26 Billion Units By 2020. 2013},
  author={Rivera, Janessa and MEULEN, Rob van Der},
  journal={URl: http://www. gartner. com/newsroom/id/2636073 (visited on 04/05/2016)},
  year={2014}
}

@article{sarkar2016theoretical,
  title={Theoretical modelling of fog computing: a green computing paradigm to support IoT applications},
  author={Sarkar, Subhadeep and Misra, Sudip},
  journal={IET Networks},
  volume={5},
  number={2},
  pages={23--29},
  year={2016},
  publisher={IET}
}

